@online{wiki:solid,
    author = {Wikipedia},
    title = {Prinzipien objektorientierten Designs},
    date = {2025},
    url = {https://de.wikipedia.org/wiki/Prinzipien_objektorientierten_Designs},
}

@online{supabaseLeWagon2025,
  author    = {Francesca Santoriello},
  title     = {Introduction to Supabase: working with databases has never been easier},
  year      = {2025},
  url       = {https://blog.lewagon.com/skills/introduction-to-supabase-working-with-databases-has-never-been-easier/},
  urldate   = {2025-08-10},
  note      = {Le Wagon Blog}
}

@online{supabaseDocs2025,
  author    = {{Supabase Inc.}},
  title     = {Supabase Documentation},
  year      = {2025},
  url       = {https://supabase.com/docs},
  urldate   = {2025-08-10},
  note      = {Accessed August 10, 2025}
}

@Online{appleCoreAudio,
  author  = {Apple Inc.},
  title   = {Core Audio Overview},
  url     = {https://developer.apple.com/documentation/coreaudio},
  note    = {Accessed: 27.08.2025},
  urldate = {2025-08-27},
  year    = {2023},
}

@Online{qtQAudioSource,
  author  = {{The Qt Company}},
  title   = {Qt Multimedia Documentation â€“ QAudioSource Class},
  url     = {https://doc.qt.io/qt-6/qaudiosource.html},
  urldate = {2025-08-27},
  year    = {2023},
}

@Online{blackhole,
  author  = {Existential Audio},
  title   = {BlackHole Virtual Audio Driver},
  url     = {https://existential.audio/blackhole/},
  urldate = {2025-08-27},
  year    = {2022},
}

@Book{pohlmann2011,
  author    = {Pohlmann, Ken C.},
  title     = {Principles of Digital Audio},
  edition   = {6},
  isbn      = {9780071663465},
  publisher = {McGraw-Hill},
  year      = {2011},
}

@article{baevski2020wav2vec,
  title={wav2vec 2.0: A framework for self-supervised learning of speech representations},
  author={Baevski, Alexei and Auli, Michael and Conneau, Alexis},
  journal={Advances in Neural Information Processing Systems},
  volume={33},
  pages={1244--1256},
  year={2020}
}

@misc{aware-ai_n.d.,
  title={{aware-ai/wav2vec2-large-xlsr-53-german-with-lm}},
  url={https://huggingface.co/aware-ai/wav2vec2-large-xlsr-53-german-with-lm},
  author={{aware-ai}},
  note={Hugging Face Model Hub},
  year={2025}
}

@misc{google_cloud_2025,
  title = {Google Cloud Speech-to-Text},
  author = {{Google Cloud}},
  year = {2025},
  note = {Online-Dokumentation},
  url = {https://cloud.google.com/speech-to-text} 
}

@misc{microsoft_2025,
  title = {Microsoft Azure Speech Services},
  author = {{Microsoft}},
  year = {2025},
  note = {Online-Dokumentation},
  url = {https://azure.microsoft.com/en-us/products/ai-services/speech-to-text}
}

@misc{aws_2025,
  title = {Amazon Transcribe},
  author = {{Amazon Web Services}},
  year = {2025},
  note = {Online-Dokumentation},
  url = {https://aws.amazon.com/transcribe/}
}


@Comment{jabref-meta: databaseType:biblatex;}
